% This file was created with JabRef 2.4.2.
% Encoding: Cp1252

@online{Brandt2013,
  title = {Fast 80 Prozent Marktanteil für Android},
  lastchecked = {20.05.2014},
  year = {2013},
  author = {Mathtias Brandt},
  timestamp = {02.08.2013},
  url = {http://de.statista.com/themen/581/smartphones/infografik/1326/smartphone-absatz-weltweit}
}

@online{Intel2010,
  title = {Leading PC Companies Move to All Digital Display Technology, Phasing out Analog},
  lastchecked = {20.05.2014},
  year = {2010},
  author = {Nick Knuppfer},
  timestamp = {08.12.2010},
  url = {http://newsroom.intel.com/community/intel_newsroom/blog/2010/12/08/leading-pc-companies-move-to-all-digital-display-technology-phasing-out-analog?cid=rss-258152-c1-262653}
}

@online{Leunig2002,
  title = {Der DVI-Standard - ein Überblick},
  lastchecked = {20.05.2014},
  year = {2002},
  author = {Peter H. Leunig},
  timestamp = {01.01.2002},
  url = {http://www.leunig.de/_pro/downloads/DVI_WhitePaper.pdf}
}

@online{Extron2014,
  title = {DVI and HDMI: The Short and the Long of It},
  lastchecked = {20.05.2014},
  year = {2014},
  author = {Extron},
  timestamp = {01.01.2014},
  url = {http://www.extron.com/company/article.aspx?id=dvihdmi_ts}
}

@online{TI2011,
  title = {TI PanelBus™ DIGITAL RECEIVER - TFP401A-EP},
  lastchecked = {22.05.2014},
  year = {2011},
  author = {Texas Instruments, TI},
  timestamp = {01.07.2011},
  url = {www.ti.com/litv/slds160a}
}

@online{Valcarce2011,
  title = {VGA Video Signal Format and Timing Specifications},
  lastchecked = {22.05.2014},
  year = {2011},
  author = {Javier Valcarce},
  timestamp = {10.02.2011},
  url = {http://www.javiervalcarce.eu/wiki/VGA_Video_Signal_Format_and_Timing_Specifications}
}

@online{SSD2007,
  title = {SSD1289 Datasheet},
  lastchecked = {22.05.2014},
  year = {2007},
  author = {Solomon Systech Limited, SSD},
  timestamp = {01.04.2007},
  url = {http://www.kosmodrom.com.ua/el/STM32-TFT/SSD1289.pdf}
}

@online{SSD2008,
  title = {SSD1963 Datasheet},
  lastchecked = {22.05.2014},
  year = {2008},
  author = {Solomon Systech Limited, SSD},
  timestamp = {01.12.2008},
  url = {https://github.com/siredmar/master/raw/master/Recherche/Displays/8080/5Inch_SSD1963/SSD1963 datasheet.pdf}
}

@online{ITEAD2013,
  title = {MD070SD Datasheet},
  lastchecked = {22.05.2014},
  year = {2013},
  author = {ITEAD Studios, ITEAD},
  timestamp = {20.08.2013},
  url = {https://github.com/siredmar/master/raw/master/Recherche/Displays/8080/5Inch_MD050SD/DS_IM130820001.pdf}
}

@online{Schlegel2013a,
  title = {Ansteuerung eines TFT-Displays mit dem Raspberry Pi über die GPIO-Pins},
  lastchecked = {28.07.2014},
  year = {2013},
  author = {Armin Schlegel},
  timestamp = {24.11.2013},
  url = {https://github.com/siredmar/siredmar_projects/raw/master/embedded/RPi/RPI_SSD1963/doc/RPI_SSD1963_24_11_2013.pdf}
}

@online{Schlegel2013b,
  title = {Ansteuerung eines TFT-Displays mit dem Raspberry Pi über die GPIO-Pins - Quellcode},
  lastchecked = {28.07.2014},
  year = {2013},
  author = {Armin Schlegel},
  timestamp = {24.11.2013},
  url = {https://github.com/siredmar/siredmar_projects/tree/master/embedded/RPi/RPI_SSD1963/sw}
}

@online{NXP2010,
  title = {LPC3130/31 User Manual},
  lastchecked = {28.07.2014},
  year = {2010},
  author = {NXP Semiconductors, NXP},
  timestamp = {27.03.2010},
  url = {https://github.com/siredmar/master/raw/master/Recherche/Gnublin/datasheets/user.manual.lpc3130.lpc3131.pdf}
}

@online{Coldtears2014,
  title = {Schaltplan Gnublin Extended V1.7},
  lastchecked = {29.07.2014},
  author = {Coldtears Electronics, CE},
  url = {https://github.com/siredmar/master/raw/master/Recherche/Displays/8080/5Inch_SSD1963/schematic.pdf}
}

@online{EmbeddedProjects2013,
  title = {LPC3130/31 User Manual},
  lastchecked = {28.07.2014},
  year = {2013},
  author = {Benedikt Sauter, Embedded-Projects},
  timestamp = {15.05.2013},
  url = {https://github.com/siredmar/master/raw/master/Recherche/Gnublin/datasheets/GNUBLIN_EXTENDED_V1_7.pdf}
}

@online{GnublinWiki2013,
  title = {Bootloader uebersetzen und installieren},
  lastchecked = {04.08.2014},
  year = {2013},
  author = {Benedikt Sauter, Embedded-Projects},
  timestamp = {20.07.2013},
  url = {http://wiki.gnublin.org/index.php/Bootloader_übersetzen_und_installieren}
}

@online{LinuxKernelFBCON,
  title = {The Framebuffer Console},
  lastchecked = {04.08.2014},
  year = {2005},
  author = {Antonino Daplas, Linux-Kernel},
  timestamp = {08.11.2005},
  url = {https://github.com/torvalds/linux/blob/master/Documentation/fb/fbcon.txt}
}

@online{LinuxKernelFB,
  title = {The Frame Buffer Device},
  lastchecked = {04.08.2014},
  year = {2001},
  author = {Geert Uytterhoeven, Linux-Kernel},
  timestamp = {10.05.2001},
  url = {https://github.com/torvalds/linux/blob/master/Documentation/fb/framebuffer.txt}
}

@online{LinuxKernelDEFIO,
  title = {Deferred IO},
  lastchecked = {04.08.2014},
  year = {2007},
  author = {Jaya Kumar, Linux-Kernel},
  timestamp = {08.05.2007},
  url = {https://github.com/torvalds/linux/blob/master/Documentation/fb/deferred_io.txt}
}

@online{LinuxKernelPlatformDeviceDriver,
  title = {Platform Devices and Drivers},
  lastchecked = {05.08.2014},
  year = {2006},
  author = {David Brownell, Linux-Kernel},
  timestamp = {16.01.2006},
  url = {https://github.com/torvalds/linux/blob/master/Documentation/driver-model/platform.txt}
}

@online{Schlegel2013c,
  title = {SSD1963 Framebuffer},
  lastchecked = {05.08.2014},
  year = {2013},
  author = {Armin Schlegel},
  timestamp = {24.11.2013},
  url = {https://github.com/siredmar/siredmar_projects/raw/master/embedded/RPi/RPI_SSD1963/sw/ssd1963_framebuffer/ssd1963.c}
}

@online{Nadeau2012,
  title = {C/C++ tip: How to copy memory quickly},
  lastchecked = {05.08.2014},
  year = {2012},
  author = {David Robert Nadeau, Ph.D.},
  timestamp = {08.05.2012},
  url = {http://nadeausoftware.com/articles/2012/05/c_c_tip_how_copy_memory_quickly}
}



